<record><leader>00000cas a22000007a 4500</leader><controlfield tag="001">29959020</controlfield><controlfield tag="008">940314d188u1951nyuwr ne      0    0eng d</controlfield><datafield ind1=" " ind2=" " tag="010"><subfield code="a">sn 94057709 </subfield></datafield><datafield ind1=" " ind2=" " tag="040"><subfield code="a">NYS</subfield><subfield code="b">eng</subfield><subfield code="c">NYS</subfield><subfield code="d">OCLCQ</subfield><subfield code="d">OCLCF</subfield><subfield code="d">OCLCO</subfield></datafield><datafield ind1=" " ind2=" " tag="042"><subfield code="a">msc</subfield></datafield><datafield ind1=" " ind2=" " tag="043"><subfield code="a">n-us-ny</subfield></datafield><datafield ind1="0" ind2=" " tag="130"><subfield code="a">Cape Vincent eagle (Cape Vincent, N.Y. : 1886)</subfield></datafield><datafield ind1="1" ind2="0" tag="245"><subfield code="a">Cape Vincent eagle.</subfield></datafield><datafield ind1=" " ind2=" " tag="260"><subfield code="a">Cape Vincent, N.Y. :</subfield><subfield code="b">Charles B. Wood,</subfield><subfield code="c">-1951.</subfield></datafield><datafield ind1=" " ind2=" " tag="300"><subfield code="a">v.</subfield></datafield><datafield ind1=" " ind2=" " tag="310"><subfield code="a">Weekly</subfield></datafield><datafield ind1="0" ind2=" " tag="362"><subfield code="a">-v. 78, no. 6 (Sept. 6, 1951).</subfield></datafield><datafield ind1=" " ind2=" " tag="500"><subfield code="a">"Democratic."</subfield></datafield><datafield ind1=" " ind2=" " tag="500"><subfield code="a">Published by Charles Edward Allen, &lt;1933&gt;-1951.</subfield></datafield><datafield ind1=" " ind2=" " tag="588"><subfield code="a">Description based on: Vol. 15, no. 26 (Sept. 23, 1886).</subfield></datafield><datafield ind1=" " ind2="0" tag="651"><subfield code="a">Cape Vincent (N.Y.)</subfield><subfield code="v">Newspapers.</subfield></datafield><datafield ind1=" " ind2="0" tag="651"><subfield code="a">Jefferson County (N.Y.)</subfield><subfield code="v">Newspapers.</subfield></datafield><datafield ind1=" " ind2="7" tag="655"><subfield code="a">Newspapers.</subfield><subfield code="2">fast</subfield><subfield code="0">(OCoLC)fst01423814</subfield></datafield><datafield ind1=" " ind2="7" tag="651"><subfield code="a">New York (State)</subfield><subfield code="z">Cape Vincent.</subfield><subfield code="2">fast</subfield><subfield code="0">(OCoLC)fst01256055</subfield></datafield><datafield ind1=" " ind2="7" tag="651"><subfield code="a">New York (State)</subfield><subfield code="z">Jefferson County.</subfield><subfield code="2">fast</subfield><subfield code="0">(OCoLC)fst01209430</subfield></datafield><datafield ind1=" " ind2=" " tag="752"><subfield code="a">United States</subfield><subfield code="b">New York</subfield><subfield code="c">Jefferson</subfield><subfield code="d">Cape Vincent.</subfield></datafield><datafield ind1="0" ind2="0" tag="780"><subfield code="t">Democratic eagle (Cape Vincent, N.Y.)</subfield><subfield code="w">(DLC)sn 94057708</subfield><subfield code="w">(OCoLC)29959019</subfield></datafield></record>